% Industry Overview & Market Potential

@article{
	chaundler2021, 
	author = {R. Chaundler}, 
	title = {{Can Seeds Planted by Drones Spawn New Forests?}}, 
	journal = {The New York Times}, 
	year = {2021}, 
	month = {October},
	url = {https://www.nytimes.com/2021/10/31/climate/deforestation-seeds-environment.html}, 
	urldate = {2024-09-18}, 
	note = {Accessed: 2024-09-26} 
}

@article{ 
	nazarov2023,
	author = {D. Nazarov AND A. Nazarov AND E. Kulikova},
	title = {Drones in agriculture: Analysis of different countries},
	DOI = {10.1051/bioconf/20236702029},
	url = {https://doi.org/10.1051/bioconf/20236702029},
	journal = {BIO Web Conf.},
	year = {2023},
	volume = {67},
	pages = {02029},
	note = {Accessed: 2024-09-26}
}


@online{
	alliedmarketresearch2021,
	author = {S. Wankhede AND H. Jangra AND S. Mutreja},
	title = {Agriculture Drones Market Size, Share, Competitive Landscape and Trend Analysis Report, by Offering, Component and Application : Opportunity Analysis and Industry Forecast, 2021-2030},
	year = {2021},
	month = {July},
	url = {https://www.alliedmarketresearch.com/agricultural-drone-market},
	journal = {Allied Market Research},
	note = {Accessed: 2024-09-26} 
}

@article{
	plantdiseasedetection2023,
	author = {R. Chin AND C. Catal AND A. Kassahunw},
	title = {Plant Disease Detection Using Drones in Precision Agriculture},
	journal = {Precision Agriculture},
	year = {2023},
	volume = {24},
	number = {5},
	pages = {1663--1682},
	month = {October},
	issn = {1573-1618},
	url = {https://doi.org/10.1007/s11119-023-10014-y},
	doi = {10.1007/s11119-023-10014-y},
	note = {Accessed: 2024-09-26} 
}

@online{
	guardianagriculture, 
	author = {Agriculture Guardian}, 
	title = {Guardian Agriculture}, 
	url = {https://guardian.ag/}, 
	urldate = {2024-09-18}, 
	note = {Accessed: 2024-09-18}
}

@online{
	smartfarming2023, 
	author = {Bundesministerium für Land- und Forstwirtschaft und Regionen und Wasserwirtschaft, Austria}, 
	title = {Die Zukunft der Landwirtschaft ist digital},
	year = {2023}, 
	month = {November},
	url = {https://info.bml.gv.at/service/presse/landwirtschaft/2023/die-zukunft-der-landwirtschaft-ist-digital-aktionsplan-smart-farming-vorgestellt.html}, 
	urldate = {2024-09-18}, 
	note = {Accessed: 2024-09-18}
}

% todo: weak source
@online{
	petiole_drones_risks, 
	author = {M. Kuzmenko}, 
	title = {Drones in Agriculture: Potential Risks and How to Overcome This Limitations}, 
	url = {https://www.petiolepro.com/blog/drones-in-agriculture-potential-risks-and-how-to-overcome-these-limitations/},
	year = {2016},
	month = {February},
	urldate = {2024-09-24},
	note = {Accessed: 2024-09-24} 
}

@online{
	secure_redact_drones_privacy, 
	author = {Primloc}, 
	title = {Privacy in the era of drones}, 
	url = {https://www.secureredact.ai/articles/privacy-in-the-era-of-drones},
	year = {2024},
	urldate = {2024-09-24}, 
	note = {Accessed: 2024-09-24} 
}

% Target group

% todo: german website?
@online{
	sinus_institut_2024,
	author = {SINUS-Institut},
	title = {Sinus-Milieus Austria},
	url = {https://www.sinus-institut.de/en/sinus-milieus/sinus-milieus-oesterreich},
	urldate = {2024-08-29},
	organization = {SINUS-Institut},
	note = {Accessed: 2024-08-29}
}

% Competitor Analysis
@online{
	huawei_dronetech_2022, 
	author = {Huawei}, 
	title = {Huawei and Dronetech Elevate Partnership to Facilitate Sustainable Farming in Austria}, 
	year = {2022},
	month = {October},
	url = {https://www.huawei.com/en/news/2022/10/5g-smart-farming-austria-dronetech}, 
	urldate = {2024-09-18},
	note = {Accessed: 2024-09-18}
}

@online{
	huawei_boosting_farming_2022, 
	author = {Huawei}, 
	title = {Boosting farming yields in Austria}, 
	year = {2022}, 
	month = {November},
	url = {https://www.huawei.com/en/media-center/our-value/boosting-farming-yields-in-austria}, 
	urldate = {2024-09-18}, 
	note = {Accessed: 2024-09-18}
}

@online{
	dronetech_smart_farming_project, 
	author = {Austria DRONETECH}, 
	title = {Smart Farming HUAWEI Forschungsprojekt}, 
	url = {https://www.dronetech.at/portfolio/smart-farming-huawei-forschungsprojekt},
	urldate = {2024-09-18}, 
	note = {Accessed: 2024-09-18}
}

@online{
	drohnenring_2024,
	author = {Drohnenring},
	title = {Drohnenring Österreich},
	url = {https://drohnenring.at/},
	urldate = {2024-09-18}, 
	note = {Accessed: 2024-09-18}
}


@online{
	ageagle_agriculture_2024,
	author = {AgEagle},
	title = {Agriculture},
	url = {https://ageagle.com/industries/agriculture/},
	urldate = {2024-09-18},
	note = {Accessed: 2024-09-18}
}

@online{
	ageagle_agriculture_ebee,
	author = {AgEagle},
	title = {eBee Ag},
	url = {https://ageagle.com/wp-content/uploads/2022/06/AgEagle-eBee-AG-EN-2022-2.pdf},
	urldate = {2024-09-25},
	note = {Accessed: 2024-09-25}
}

@online{
	dronetech_instagram,
	author = {Austria IMMOTECH},
	title = {DRONETECH},
	url = {https://www.instagram.com/dronetech{\_}austria/},
	urldate = {2024-09-25},
	note = {Accessed: 2024-09-25}
}

@online{
	dji_m300,
	author = {Enterprise DJI},
	title = {Matrice 300 RTK},
	url = {https://enterprise.dji.com/matrice-300/specs},
	urldate = {2024-09-25},
	note = {Accessed: 2024-09-25}
}

@online{
	dji_ag_t25,
	author = {Agriculture DJI},
	title = {DJI AGRAS T25},
	url = {https://ag.dji.com/t25/specs},
	urldate = {2024-09-25},
	note = {Accessed: 2024-09-25}
}

@online{
	dji_ag_t50,
	author = {Agriculture DJI},
	title = {DJI AGRAS T50},
	url = {https://ag.dji.com/t50/specs},
	urldate = {2024-09-25},
	note = {Accessed: 2024-09-25}
}

@online{
	nvidia_jetson_nano,
	author = {NVIDIA Corporation},
	title = {NVIDIA Jetson Nano},
	url = {https://www.nvidia.com/de-de/autonomous-machines/embedded-systems/jetson-nano/product-development/},
	urldate = {2025-02-23},
	note = {Accessed: 2025-02-23}
}

@online{
	asus_tinkerboard_s,
	author = {ASUSTeK Computer Inc},
	title = {Tinker Board S},
	url = {https://www.asus.com/de/networking-iot-servers/aiot-industrial-solutions/all-series/tinker-board-s/},
	urldate = {2025-02-23},
	note = {Accessed: 2025-02-23}
}

@online{
	armsom_sige7,
	author = {ArmSom},
	title = {Sige7},
	url = {https://www.armsom.org/product-page/sige7},
	urldate = {2025-02-23},
	note = {Accessed: 2025-02-23}
}

@online{
	armsom_sige_cooling_kit,
	author = {ArmSom},
	title = {Sige Active Cooling Kit},
	url = {https://www.armsom.org/product-page/sige-active-cooling-kit},
	urldate = {2025-02-23},
	note = {Accessed: 2025-02-23}
}

@online{
	armsom_camera_module,
	author = {ArmSom},
	title = {Camera module 1},
	url = {https://www.armsom.org/product-page/camera-module-1},
	urldate = {2025-02-23},
	note = {Accessed: 2025-02-23}
}

@online{
	armsom_display,
	author = {ArmSom},
	title = {ArmSoM Display 10 HD},
	url = {https://www.armsom.org/product-page/armsom-display-10-hd},
	urldate = {2025-02-23},
	note = {Accessed: 2025-02-23}
}

@online{
	raspberry_pi_4b,
	author = {Raspberry Pi},
	title = {Raspberry Pi 4},
	url = {https://www.raspberrypi.com/products/raspberry-pi-4-model-b/},
	urldate = {2025-02-23},
	note = {Accessed: 2025-02-23}
}

@online{
	poweradd_pro_powerbank,
	author = {POWERADD PRO},
	title = {Powerbank PD 100 W 20000 mAh USB C External Battery Quick Charge},
	url = {https://amzn.eu/d/70TwOCJ},
	urldate = {2025-02-23},
	note = {Accessed: 2025-02-23}
}

@online{
	nRF24L01,
	author = {Nordic Semiconductor},
	title = {nRF24L01},
	url = {https://www.mouser.com/datasheet/2/297/nRF24L01_Product_Specification_v2_0-9199.pdf},
	urldate = {2025-02-23},
	note = {Accessed: 2025-02-23}
}

@online{
	nRF24L01_plus,
	author = {Nordic Semiconductor},
	title = {nRF24L01+},
	url = {https://cdn.sparkfun.com/assets/3/d/8/5/1/nRF24L01P_Product_Specification_1_0.pdf},
	urldate = {2025-02-23},
	note = {Accessed: 2025-02-23}
}

@online{
	angeek_28byj_48,
	author = {ANGEEK},
	title = {ANGEEK 5 Pcs 5V 28BYJ-48 ULN2003 Stepper Motor with Drive Module Board for Arduino Motor},
	url = {https://amzn.eu/d/gnGkfIn},
	urldate = {2025-02-23},
	note = {Accessed: 2025-02-23}
}

@online{
	indusky_microswitch,
	author = {InduSKY},
	title = {InduSKY Micro Switch Limit Switch with Momentary Roller Lever Arm SPDT 1NO 1NC AC 250V 5A Snap Action Hinge Mini Roller Lever Arm Toggle Switch Pack of 10},
	url = {https://amzn.eu/d/d2EZSb2},
	urldate = {2025-02-23},
	note = {Accessed: 2025-02-23}
}

@online{
	miuzei_servos,
	author = {Miuzei},
	title = {Miuzei 15 kg Digital Servo Motor Metal Gear High Speed Torque Servo Motor for RC Car 1:8 1/10 12 Helicopter Aeroplane Car Boat Robot Arm Control Pack of 5},
	url = {https://amzn.eu/d/5dtH1cI},
	urldate = {2025-02-23},
	note = {Accessed: 2025-02-23}
}

@online{
	azdelivery_gy_521,
	author = {AZ-Delivery},
	title = {GY-521 MPU-6050 3-Achsen-Gyroskop und Beschleunigungssensor},
	url = {https://www.az-delivery.de/products/gy-521-6-achsen-gyroskop-und-beschleunigungssensor},
	urldate = {2025-02-23},
	note = {Accessed: 2025-02-23}
}

@online{
	azdelivery_gy_271,
	author = {AZ-Delivery},
	title = {GY-271 Kompassmodul Kompass Magnet Sensor für Raspberry Pi},
	url = {https://www.az-delivery.de/products/gy-271-kompassmodul-kompass-magnet-sensor-fuer-arduino-und-raspberry-pi},
	urldate = {2025-02-23},
	note = {Accessed: 2025-02-23}
}

@online{
	dfrobot_ir_sensor,
	author = {DFRobot},
	title = {Infrared Laser Distance Sensor (50m/80m)},
	url = {https://www.dfrobot.com/product-2108.html},
	urldate = {2025-02-23},
	note = {Accessed: 2025-02-23}
}

@online{
	tecnoio_lora_modules,
	author = {TECNOIO},
	title = {TECNOIOT 2pcs SX1278 LoRa 433MHz Ra-02 Wireless Spread Spectrum Transmission Socket Ra02},
	url = {https://amzn.eu/d/cNSLL9n},
	urldate = {2025-02-23},
	note = {Accessed: 2025-02-23}
}

@online{
	altium_designer_22,
	author = {Altium},
	title = {Altium Designer Documentation},
	url = {https://www.altium.com/documentation/altium-designer?version=22},
	urldate = {2025-02-23},
	note = {Accessed: 2025-02-23}
}

@online{
	digikey,
	author = {DigiKey},
	title = {DigiKey},
	url = {https://www.digikey.at/},
	urldate = {2025-02-23},
	note = {Accessed: 2025-02-23}
}

@online{
	jlcpcb,
	author = {JLCPCB.COM},
	title = {JLCPCB},
	url = {https://jlcpcb.com/},
	urldate = {2025-02-23},
	note = {Accessed: 2025-02-23}
}

@online{
	arduino_nano_dfrobot,
	author = {DFRobot},
	title = {Arduino Nano 328 (SKU: DFR0010)},
	url = {https://mm.digikey.com/Volume0/opasdata/d220001/medias/docus/2267/DFR0010_Web.pdf},
	urldate = {2025-02-23},
	note = {Accessed: 2025-02-23}
}

@online{
	jwbl_dof_sensor,
	author = {YWBL WH},
	title = {9DOF Sensor Module with Pins, 9DOF Sensor Module with Pins PCB Digital Light Intensity Sensor 3 Axis Gyroscope Acceleration Acceleration Sensors},
	url = {https://amzn.eu/d/4f9HHXP},
	urldate = {2025-02-23},
	note = {Accessed: 2025-02-23}
}

@online{BFGS_wiki,
	author    = {Wikipedia},
	title     = {Broyden–Fletcher–Goldfarb–Shanno algorithm},
	year      = {2025},
	url       = {https://en.wikipedia.org/w/index.php?title=Broyden%E2%80%93Fletcher%E2%80%93Goldfarb%E2%80%93Shanno_algorithm&oldid=1273231919},
	urldate   = {2025-02-18},
	note      = {Accessed: 2025-02-18}
}

@online{
	fb_dev_environment,
	author = {melektron AND nilusink},
	title = {Dev Template},
	url = {https://github.com/frenchbakery/dev_template/},
	urldate = {2025-02-19},
	note = {2025-02-19}
}
